@inproceedings{tchernev:crossmethods,
  author    = {Elko B. Tchernev},
  title     = {Stack-Correct Crossover Methods in Genetic Programming},
  booktitle = {GECCO Late Breaking Papers},
  year      = {2002},
  pages     = {443-449},
  crossref  = {DBLP:conf/gecco/2002late},
  bibsource = {DBLP, http://dblp.uni-trier.de}
}

@proceedings{DBLP:conf/gecco/2002late,
  editor    = {Erick Cant{\'u}-Paz},
  title     = {Late Breaking papers at the Genetic and Evolutionary Computation
               Conference (GECCO-2002), New York, USA, 9-13 July 2002},
  booktitle = {GECCO Late Breaking Papers},
  publisher = {AAAI},
  year      = {2002},
  bibsource = {DBLP, http://dblp.uni-trier.de}
}

@inproceedings{oury:tpop,
 author = {Oury, Nicolas and Swierstra, Wouter},
 title = {The power of Pi},
 booktitle = {Proceeding of the 13th ACM SIGPLAN international conference on Functional programming},
 series = {ICFP '08},
 year = {2008},
 isbn = {978-1-59593-919-7},
 location = {Victoria, BC, Canada},
 pages = {39--50},
 numpages = {12},
 url = {http://doi.acm.org/10.1145/1411204.1411213},
 doi = {http://doi.acm.org/10.1145/1411204.1411213},
 acmid = {1411213},
 publisher = {ACM},
 address = {New York, NY, USA},
 keywords = {dependent types, domain-specific embedded languages},
} 

@INPROCEEDINGS{perkins:stackbased,
    author = {Timothy Perkis Neilson and Timothy Perkis},
    title = {Stack-Based Genetic Programming},
    booktitle = {in Proceedings of the 1994 IEEE World Congress on Computational Intelligence},
    year = {1994},
    pages = {148--153},
    publisher = {IEEE Press}
}

@article{montana:strongtree,
 author = {Montana, David J.},
 title = {Strongly typed genetic programming},
 journal = {Evol. Comput.},
 volume = {3},
 issue = {2},
 month = {June},
 year = {1995},
 issn = {1063-6560},
 pages = {199--230},
 numpages = {32},
 url = {http://dx.doi.org/10.1162/evco.1995.3.2.199},
 doi = {http://dx.doi.org/10.1162/evco.1995.3.2.199},
 acmid = {1326695},
 publisher = {MIT Press},
 address = {Cambridge, MA, USA},
 keywords = {automatic programming, generic functions, genetic programming, strong typing},
} 

@InProceedings{tchernev:forthcross,
  author =       "Elko Tchernev",
  title =        "Forth Crossover Is Not a Macromutation?",
  booktitle =    "Genetic Programming 1998: Proceedings of the Third
                 Annual Conference",
  year =         "1998",
  editor =       "John R. Koza and Wolfgang Banzhaf and 
                 Kumar Chellapilla and Kalyanmoy Deb and Marco Dorigo and 
                 David B. Fogel and Max H. Garzon and 
                 David E. Goldberg and Hitoshi Iba and Rick Riolo",
  pages =        "381--386",
  address =      "University of Wisconsin, Madison, Wisconsin, USA",
  publisher_address = "San Francisco, CA, USA",
  month =        "22-25 " # jul,
  publisher =    "Morgan Kaufmann",
  keywords =     "genetic algorithms, genetic programming",
  ISBN =         "1-55860-548-7",
  notes =        "GP-98",
}
